<?xml version="1.0" encoding="UTF-8"?><collection xmlns="http://www.loc.gov/MARC21/slim"><record><leader>00360nam--2200133-i-4500</leader><controlfield tag="001">000046533</controlfield><controlfield tag="002">20161230</controlfield><controlfield tag="005">20161230201046</controlfield><controlfield tag="008">060222s1000------------r-----000-0-eng-d</controlfield><datafield ind1=" " ind2=" " tag="080"><subfield code="a">534-8:541</subfield></datafield><datafield ind1=" " ind2=" " tag="100"><subfield code="a">Villaine,Philippe</subfield></datafield><datafield ind1=" " ind2=" " tag="245"><subfield code="a">Les effets chimiques des ultra-sons</subfield></datafield><datafield ind1=" " ind2=" " tag="260"><subfield code="a">Saclay, Service Central De Documentation Du Cea, 1968. 35 P</subfield></datafield><datafield ind1=" " ind2=" " tag="852"><subfield code="a">D.1021</subfield></datafield></record></collection>